@book{text,
Address = {New York, NY},
Author = {Paul Nelson and others},
Publisher = {McGraw-Hill},
Title = {iSpeak: Public Speaking},
Year = {2014}}

@article{speech,
Author = {Margaret Sanger},
title = {Margaret H Sanger - Women's Political Communication Archives},
journal = {Iowa State University Archives of Women's Political Communication},
year = {1921},
url = {http://www.womenspeecharchive.org/women/profile/speech/index.cfm?ProfileID=113\&SpeechID=477}
}

@article{origin,
Author = {Margaret Sanger},
title = {The Morality of Birth Control},
journal =  {The Margaret Sanger Papers Project},
year = {1921},
url = {http://www.nyu.edu/projects/sanger/webedition/app/documents/show.php?sangerDoc=238254.xml}
}


%@book{france,
Address = {Ann Arbor, Michigan},
Author = {Albert Gu√©rard},
Publisher = {The University of Michigan Press},
Title = {France: A Modern History},
Year = {1969}}

%@book{gods,
Address = {New York, New York},
Author = {Leopold Infeld},
Publisher = {McGraw-Hill Book Company, Inc},
Title = {Whom the Gods Love},
Year = {1948}}

%@book{abstract,
Address = {Belmont, California},
Author = {Ronald Solomon},
Publisher = {Thomson Brooks/Cole},
Title = {Abstract Algebra},
Year = {2003}}

