@misc{bernd,
  author="Mathias Drton and Bernd Sturmfels and Seth Sullivant",
  title="Lectures on Algebraic Statistics",
  year = "2008",
  url="https://math.berkeley.edu/~bernd/owl.pdf"
}
@book{aoki,
  title={Markov Bases in Algebraic Statistics},
  author={Aoki, S. and Hara, H. and Takemura, A.},
  isbn={9781461437192},
  lccn={2012938710},
  series={Springer Series in Statistics},
  url={https://books.google.com/books?id=seLjzN78sgkC},
  year={2012},
  publisher={Springer New York}
}
@book{rosales,
  title={Numerical Semigroups},
  author={Rosales, J.C. and Garc{\'\i}a-S{\'a}nchez, P.A.},
  isbn={9781441901606},
  lccn={2009934163},
  series={Developments in Mathematics},
  url={https://books.google.com/books?id=32jSvM5u7Y8C},
  year={2009},
  publisher={Springer New York}
}
@Misc{4ti2,
  author =   {4ti2 team},
  title =    {4ti2---A software package for algebraic, geometric and 
              combinatorial problems on linear spaces},
  howpublished = {{A}vailable at www.4ti2.de}
}
@Misc{frobmask,
  author =   {Jon Allen},
  title =    {Frobmask---A software program which uses bitmasked sets to find the Frobenius numbers of numerical semigroups},
  howpublished = {{A}vailable at www.github.com/ylixir/frobmask}
}
@book{stanley,
  title={Enumerative Combinatorics:},
  author={Stanley, R.P.},
  number={v. 1},
  isbn={9781139505369},
  series={Cambridge Studies in Advanced Mathematics},
  url={https://books.google.com/books?id=-A3sbo0ZUKcC},
  year={2011},
  publisher={Cambridge University Press}
}
@book{adkins,
  title={Algebra: An Approach via Module Theory},
  author={Adkins, W. and Weintraub, S.},
  isbn={9781461209232},
  series={Graduate Texts in Mathematics},
  url={https://books.google.com/books?id=RFzdBwAAQBAJ},
  year={2012},
  publisher={Springer New York}
}
